% This file was created with JabRef 2.9.2.
% Encoding: Cp1252

@ARTICLE{AguiarGopinath2007,
  author = {M. Aguiar and G. Gopinath},
  title = {Emerging market business Cycles: The cycle is the trend},
  journal = {Journal of Political Economy},
  year = {2007},
  volume = {115},
  pages = {69-102},
  owner = {fuertes},
  timestamp = {2015.05.15}
}

@ARTICLE{Ammer_Cai,
  author = {J. Ammer and F. Cai},
  title = {Sovereign {CDS} and bond pricing dynamics in emerging markets: Does
	the cheapest-to-deliver option matter?},
  journal = {FRB International Finance Discussion Paper No. 912},
  year = {2007},
  owner = {fuertes},
  timestamp = {2015.06.26}
}

@ARTICLE{Ang_Piazzesi2003,
  author = {A. Ang and M. Piazzesi},
  title = {A no-arbitrage vector autoregression of term-structure dynamics with
	macroeconomic and latent variables},
  journal = {Journal of Monetary Economics},
  year = {2003},
  volume = {50},
  pages = {745-787},
  owner = {fuertes},
  timestamp = {2015.05.15}
}

@ARTICLE{Audzeyeva2013,
  author = {A. Audzeyeva},
  title = {The price of risk in sovereign Latin-American debt: A term-structure
	perspective},
  journal = {Keele University Working Paper},
  year = {2013},
  timestamp = {2015.06.30}
}

@ARTICLE{Audzeyeva_SchenkHoppe2010,
  author = {A. Audzeyeva and K.R. Schenk-Hoppe},
  title = {The role of country, regional and global market risks in the dynamics
	of Latin American yield spreads},
  journal = {Journal of International Financial Markets, Institutions and Money},
  year = {2010},
  volume = {20},
  pages = {404-422},
  owner = {Fei},
  timestamp = {2015.05.08}
}

@ARTICLE{Arora_Cerisola2001,
  author = {V. Arora and M. Cerisola},
  title = {How does U.S. monetary policy influence sovereign bond spreads in emerging markets?},
  journal = {IMF-Staff Papers},
  year = 2001,
  volume = 48,
  pages = {474-498},
  owner = {audzeyeva},
  timestamp = {2015.07.30}
}

@ARTICLE{Baldaccietal2008,
  author = {E. Baldacci and S. Gupta and S. Mati},
  title = {Is it (still) mostly Fiscal? Determinants of sovereign spreads in emerging markets},
  journal = {IMF Working Paper 08/259, International Monetary Fund, Washington
	D.C.},
  year = {2008},
  owner = {audzeyeva},
  timestamp = {2015.07.30}
}

@ARTICLE{Battenetal,
  author = {J.A. Batten and T.A. Fetherston and P. Hoontrakul},
  title = {Factors affecting the yields of emerging market issuers: Evidence
	from the Asia-Pacific Region},
  journal = {Journal of International Financial Markets, Institutions and Money},
  year = {2006},
  volume = {16},
  pages = {57-70},
  owner = {audzeyeva},
  timestamp = {2015.05.08}
}

@ARTICLE{Bedendoetal2007,
  author = {M. Bedendo and L. Cathcart and L El-Jahel},
  title = {The shape of the term-structure of credit spreads: An empirical Investigation},
  journal = {Journal of Financial Research},
  year = {2007},
  volume = {30},
  pages = {237-257},
  owner = {audzeyeva},
  timestamp = {2015.07.30}
}

@ARTICLE{Bliss1996,
  author = {R. Bliss},
  title = {Testing term-structure estimation methods},
  journal = {FRB Atlanta Working Paper 96-12a},
  year = {2006},
  owner = {audzeyeva},
  timestamp = {2015.06.30}
}

@ARTICLE{Bulow_Rogoff,
  author = {J. Bulow and K. Rogoff},
  title = {Sovereign debt: Is to forgive to forget?},
  journal = {American Economic Review},
  year = {1989},
  volume = {79},
  pages = {43-50},
  owner = {audzeyeva},
  timestamp = {2015.06.30}
}

@ARTICLE{Caceresetal2010,
  author = {C. Caceres and V. Guzzo and M. Segovianoi},
  title = {Sovereign spreads: Global risk aversion, contagion or fundamentals?},
  journal = {IMF Working Paper Series 10/120, International Monetary Fund, Washington	D.C},
  year = {2010},
  owner = {Audzeyeva},
  timestamp = {2015.06.30}
}

@ARTICLE{Campbell_Shiller91,
  author = {J.Y. Campbell and R.J. Shiller},
  title = {Yield spreads and interest rate movements: A bird's eye view},
  journal = {Review of Economics Studies},
  year = {1991},
  volume = {58},
  pages = {479-494},
  number = {2},
  owner = {Fei},
  timestamp = {2011.09.30}
}

@ARTICLE{Christensenetal11,
  author = {J.H.E. Christensen and F.X. Diebold and G.D. Rudebusch, G.D.},
  title = {The affine arbitrage-free class of {N}elson-{S}iegel term-structure
	models.},
  journal = {Journal of Econometrics.},
  year = {2011},
  volume = {164},
  pages = {4-20},
  owner = {fuertes},
  timestamp = {2015.06.24}
}

@ARTICLE{Ciarloneetal2009,
  author = {A. Ciarlone and P. Piselli and G.Trebeschi},
  title = {Emerging markets' spreads and global financial conditions},
  journal = {Journal of International Financial Markets, Institutions and Money},
  year = {2009},
  volume = {19},
  pages = {222-239},
  number = {1},
  owner = {Fei},
  timestamp = {2012.02.28}
}

@ARTICLE{Clark_West2007,
  author = {T.E. Clark and K.D. West},
  title = {Approximately {N}ormal test for equal predictive accuracy in nested
	models},
  journal = {Journal of Econometrics},
  year = {2007},
  volume = {138},
  pages = {291-311},
  owner = {fuertes},
  timestamp = {2015.06.26}
}

@ARTICLE{Cochrane_Piazzesi2005,
  author = {J. H. Cochrane and M. Piazzesi},
  title = {Bond risk premia},
  journal = {American Economic Review},
  year = {2005},
  volume = {94},
  pages = {138-160},
  owner = {Fei},
  timestamp = {2012.02.05},
 }

@ARTICLE{Comelli2012,
  author = {F. Comelli},
  title = {Emerging market sovereign bond spreads: Estimation and backtesting},
  journal = {IMF Working Paper 12/2012, International Monetary Fund, Washington
	D.C.},
  year = {2012}
}

@ARTICLE{Csonto_Ivaschenko2013,
  author = {B. Csonto and I. Ivaschenko},
  title = {Determinants of sovereign bond spreads in emerging markets: Local
	fundamentals and global factors vs. ever-changing misalignments},
  journal = {IMF Working Paper Series 13/164, International Monetary Fund, Washington
	D.C},
  year = {2013},
  owner = {Audzeyeva},
  timestamp = {2015.06.30}
}

@ARTICLE{DiazWeigel_Gemmill2006,
  author = {D. Diaz Weigel and G. Gemmill},
  title = {What drives credit risk in emerging markets? The roles of country fundamentals and market co-movements},
  journal = {Journal of International Financial Markets, Institutions and Money},
  year = {2006},
  volume = {25},
  pages = {476-502},
  owner = {audzeyeva},
  timestamp = {2015.07.30}
}

@ARTICLE{Diebold_Li2006,
  author = {F.X. Diebold and C. Li},
  title = {Forecasting the term-structure of government bond yields},
  journal = {Journal of Econometrics},
  year = {2006},
  volume = {130},
  pages = {337-364},
  owner = {fuertes},
  timestamp = {2015.06.26}
}

@ARTICLE{Dieboldetal2008,
  author = {F.X. Diebold and C. Li and V.Z. Yue},
  title = {Global yield curve dynamics and interactions: A Dynamic Nelson-Siegel
	approach},
  journal = {Journal of Econometrics},
  year = {2008},
  volume = {146},
  pages = {351-363},
  owner = {fuertes},
  timestamp = {2015.06.26}
}

@ARTICLE{DM1995,
  author = {F.X. Diebold and R.S. Mariano},
  title = {Comparing predictive accuracy},
  journal = {Journal of Business and Economic Statistics},
  year = {1995},
  volume = {253-263},
  owner = {fuertes},
  timestamp = {2015.06.26}
}

@ARTICLE{Duffee2002,
  author = {G.R. Duffee},
  title = {Term premia and interest rate forecasts in affine models},
  journal = {Journal of Finance},
  year = {2002},
  volume = {57},
  pages = {405-443},
  owner = {audzeyeva},
  timestamp = {2015.06.30}
}

@ARTICLE{Duffieetal2003,
  author = {D. Duffie and L.H. Pedersen and K.J. Singleton},
  title = {Modeling sovereign yield spreads: A case study of Russian debt},
  journal = {Journal of Finance},
  year = {2003},
  volume = {58},
  pages = {119-159},
  owner = {fuertes},
  timestamp = {2015.06.26}
}

@ARTICLE{Edwards1986,
  author = {S. Edwards},
  title = {The pricing of bonds and bank loans in international markets},
  journal = {European Economic Review},
  year = {1986},
  volume = {30},
  pages = {565-589},
  owner = {audzeyeva},
  timestamp = {2015.07.30}
}

@ARTICLE{Eichengreen_Mody1998,
  author = {B. Eichengreen and A. Mody},
  title = {What explains changing spreads on emerging-market debt: Fundamentals
	or market sentiment?},
  journal = {National Bureau of Economic Research Working Paper No. 6408},
  year = {1998},
  volume = {57},
  owner = {audzeyeva},
  timestamp = {2015.06.30}
}

@ARTICLE{Eltonetal2001,
  author = {E.J. Elton and M.J. Gruber and D. Agrawal and C. Mann},
  title = {Explaining the rate spread on corporate bonds},
  journal = {Journal of Finance},
  year = {2001},
  volume = {56},
  pages = {247-277},
  owner = {audzeyeva},
  timestamp = {2015.06.30}
}

@ARTICLE{Fama_Bliss1987,
  author = {E.F. Fama and R.R. Bliss},
  title = {The Information in long-maturity forward rates},
  journal = {American Economic Review},
  year = {1987},
  volume = {77},
  pages = {680-692},
  number = {1},
  owner = {Fei},
  timestamp = {2012.07.28}
}

@ARTICLE{Ferrucci2003,
  author = {G. Ferrucci},
  title = {Empirical determinants of emerging market economies' sovereign bond spreads},
  journal = {Bank of England Working paper 205},
  year = {2003},
  owner = {audzeyeva},
  timestamp = {2015.07.30}
}

@ARTICLE{Gibson_Sundaresan2005,
  author = {R. Gibson and S. Sundaresan},
  title = {Sovereign borrowing and yield spreads},
  journal = {University of Zurich Working Paper},
  year = {2005},
  owner = {fuertes},
  timestamp = {2015.06.26}
}

@ARTICLE{HarteliusetalIMF2008,
  author = {K. Hartelius and K. Kashiwase and L.E. Kodres},
  title = {Emerging market spread compression: Is it real or is it liquidity?},
  journal = {IMF Working Paper Series 08/10, International Monetary Fund, Washington
	D.C.},
  year = {2008},
  owner = {fuertes},
  timestamp = {2015.06.26}
}

@ARTICLE{Hilscher_Nosbusch2010,
  author = {J. Hilscher and Y. Nosbusch},
  title = {Determinants of sovereign risk: Macroeconomic fundamentals and the
	pricing of sovereign debt},
  journal = {Review of Finance},
  year = {2010},
  volume = {14},
  pages = {235-262},
  owner = {fuertes},
  timestamp = {2015.06.26}
}

@ARTICLE{IMF2010,
  author = {IMF},
  title = {Global Financial Stability Report. Market Developments and Issues},
  journal = {April. International Monetary Fund, Washington D.C.},
  year = {2010},
  owner = {fuertes},
  timestamp = {2015.06.26}
}

@ARTICLE{IMF2014,
  author = {IMF},
  title = {Global Financial Stability Report. Market Developments and Issues},
  journal = {October. International Monetary Fund, Washington D.C.},
  year = {2014},
  owner = {fuertes},
  timestamp = {2015.06.26}
}

@ARTICLE{IMF2004,
  author = {IMF},
  title = {Global Financial Stability Report. Market Developments and Issues},
  journal = {September. International Monetary Fund, Washington D.C.},
  year = {2004},
  owner = {fuertes},
  timestamp = {2015.06.26}
}

@ARTICLE{IMF1991,
  author = {IMF},
  title = {World Economic Outlook},
  journal = {International Monetary Fund, Washington D.C.},
  year = {1991},
  owner = {audzeyeva},
  timestamp = {2015.06.30}
}

@ARTICLE{JPMorgan2012,
  author = {{JP Morgan}},
  title = {Strategic emerging: The role of emerging markets in a long-term portfolio},
  journal = {Asset Management Research Paper},
  year = {2012},
  owner = {fuertes},
  timestamp = {2015.06.26}
}

@ARTICLE{Khrisnanetal2010,
  author = {C.N.V. Khrishan and P.H. Ritchken and J.B. Thomson},
  title = {Predicting credit spreads},
  journal = {Journal of Financial Intermediation},
  year = {2010},
  volume = {100},
  pages = {304-325},
  owner = {fuertes},
  timestamp = {2015.06.26}
}

@ARTICLE{Longstaffetal2011,
  author = {F.A. Longstaff and J. Pan and L.H. Pedersen and K.J. Singleton},
  title = {How sovereign is sovereign risk?},
  journal = {American Economic Journal: Macroeconomics},
  year = {2011},
  volume = {3},
  pages = {75 -103},
  owner = {fuertes},
  timestamp = {2015.06.26}
}

@ARTICLE{Ludvigson_Ng2009,
  author = {S. Ludvigson and S. Ng},
  title = {Macro factors in bond risk premia},
  journal = {Review of Financial Studies},
  year = {2009},
  volume = {22},
  pages = {5027-5067},
  owner = {fuertes},
  timestamp = {2015.06.24}
}

@ARTICLE{Maltritz2012,
  author = {D. Maltritz},
  title = {Determinants of sovereign yield spreads in the Eurozone: A Bayesian
	approach},
  journal = {Journal of International Money and Finance},
  year = {2012},
  volume = {31},
  pages = {657 -672},
  owner = {fuertes},
  timestamp = {2015.06.26}
}

@ARTICLE{Mendoza1997,
  author = {E.G. Mendoza},
  title = {Terms of trade uncertainty and economic growth},
  journal = {Journal of Development Economics},
  year = {1997},
  volume = {54},
  pages = {323-356},
  owner = {audzeyeva},
  timestamp = {2015.06.26}
}

@ARTICLE{Mendoza1995,
  author = {E.G. Mendoza},
  title = {The terms of trade, the real exchange rate and economic fluctuations},
  journal = {International Economic Review},
  year = {1995},
  volume = {36},
  pages = {101-137},
  owner = {fuertes},
  timestamp = {2015.06.26}
}

@ARTICLE{Bofa2012,
  author = {{Bank of America Merrill Lynch}},
  title = {Guide to {EM} local markets},
  journal = {GEM Fixed Income Strategy and Economics Paper 10},
  year = {2012},
  owner = {audzeyeva},
  timestamp = {2015.05.08}
}

@ARTICLE{Min1998,
  author = {H.G. Min},
  title = {The determinants of emerging market bond spreads: Do economic fundamentals
	matter?},
  journal = {World Bank Policy Research Working Paper No. 1899},
  year = {1998},
  owner = {audzeyeva},
  timestamp = {2015.06.30}
}

@ARTICLE{Mody2009,
  author = {A. Mody},
  title = {From {B}ear {S}tearns to {A}nglo {I}rish: {H}ow {E}urozone sovereign
	spreads related to financial sector vulnerability},
  journal = {IMF Working Paper Series},
  year = {2009},
  owner = {audzeyeva},
  timestamp = {2015.06.26}
}

@ARTICLE{Moench2008,
  author = {M. Moench},
  title = {Forecasting the yield curve in a data rich environment: A no-arbitrage
	factor-augmented VAR approach.},
  journal = {Journal of Econometrics},
  year = {2008},
  volume = {146},
  pages = {26-43},
  owner = {fuertes},
  timestamp = {2015.06.26}
}

@ARTICLE{Nelson_Siegel_1987,
  author = {C.R. Nelson and A.F. Siegel},
  title = {Journal of Business},
  journal = {Parsimonious modeling of yield curves},
  year = {1987},
  volume = {60},
  pages = {473-489},
  owner = {fuertes},
  timestamp = {2015.06.26}
}

@ARTICLE{Neumeyer_Perri2005,
  author = {P.A. Neumeyer and F. Perri},
  title = {Journal of Monetary Economics},
  journal = {Business cycles in emerging economies: The role of interest rates},
  year = {2005},
  volume = {52},
  pages = {345-380},
  owner = {fuertes},
  timestamp = {2015.06.26}
}

@ARTICLE{Pan_Singleton2008,
  author = {J. Pan and K.J. Singleton},
  title = {Default and recovery implicit in the term-structure of sovereign
	{CDS} spreads},
  journal = {Journal of Finance},
  year = {2008},
  volume = {63},
  pages = {2345-2384},
  owner = {fuertes},
  timestamp = {2015.06.26}
}

@ARTICLE{Sachs1981,
  author = {J.D. Sachs},
  title = {The current account and macroeconomic adjustment in the 1970s},
  journal = {Brookings Papers in Economic Activity},
  year = {1981},
  volume = {1},
  pages = {201-268},
  owner = {audzeyeva},
  timestamp = {2015.06.30}
}

@ARTICLE{Steely2014,
  author = {J.M. Steeley},
  title = {Forecasting the term-structure when short-term rates are near zero},
  journal = {Journal of Forecasting},
  year = {2014},
  volume = {33},
  pages = {350-363},
  owner = {fuertes},
  timestamp = {2015.06.26}
}

@ARTICLE{Sueppel2005,
  author = {R. Sueppel},
  title = {Forecasting sovereign credit spreads. A cointegration model},
  journal = {Journal of Fixed Income},
  year = {2005},
  volume = {15},
  pages = {54-67},
  owner = {audzeyeva},
  timestamp = {2015.06.30}
}

@ARTICLE{Svensson1994,
  author = {L.E.O. Svensson},
  title = {Estimating and interpreting forward interest rates: Sweden 1992-1994},
  journal = {National Bureau of Economic Research Working Paper No. 48871},
  year = {1994},
  owner = {audzeyeva},
  timestamp = {2015.06.30}
}

@ARTICLE{Uribe_Yue2006,
  author = {M. Uribe and V.Z. Yue},
  title = {Country spreads and emerging countries: Who drives whom?},
  journal = {Journal of International Economics},
  year = {2006},
  volume = {69},
  pages = {6-36},
  owner = {Audzeyeva},
  timestamp = {2015.06.30}
}

@ARTICLE{Wu_Zhang2008,
  author = {L. Wu and F.X. Zhang},
  title = {A no-arbitrage analysis of macroeconomic determinants of the credit
	spread term-structure},
  journal = {Management Science},
  year = {2008},
  volume = {54},
  pages = {1160-1175},
  owner = {Audzeyeva},
  timestamp = {2015.06.30}
}

@comment{jabref-meta: selector_publisher:}

@comment{jabref-meta: selector_author:}

@comment{jabref-meta: selector_keywords:}

@comment{jabref-meta: selector_journal:}

