

File /home/ricardo/anderson/texFiles/texBibs/papers.bib last modified on Fri Feb 14 16:50:23 1992.

@STRING{JEDC = "{Journal of Economic Dynamics and Control}"}
@STRING{ECM = "{Econometrica}"}
@STRING{JEL = "{Journal of Econometrics}"}
@STRING{RESTUD = "{Review of Economic Studies}"}
@STRING{JASA = "{Journal of the American Statistical Association}"}
@STRING{EL = "{Economic Letters}"}

@TECHREPORT{MOFFITT82,
	AUTHOR = {Robert Moffitt},
	TITLE = {The Econometrics of Piecewise-Linear Budget Constraints: An Exposition},
	INSTITUTION = {Rutgers University },
	YEAR = {1982}
}

@TECHREPORT{COCHRANE91,
	AUTHOR = {John Cochrane},
	TITLE = {Univariate VS. Multivariate Forecasts of GNP Growth and Stock Returns: Evidence and Implications for the Persistence of Shocks, Detrending Methods, and Tests of the Permanent Income Hypothesis},
	INSTITUTION = {National Bureau of Economic Research},
	YEAR = {1991}
}

@INBOOK{REGIONALHANDBOOK86,
	EDITOR = {Peter Nijkamp},
	CHAPTER = {7},
	PAGES = {257-294},
	TITLE = {Regional and Multiregional Economic Models},
	PUBLISHER = {North Holland},
	YEAR = {1986},
	VOLUME = {I Regional Economics},
	SERIES = {Handbook of Regional and Urban Economics}
}

@ARTICLE{BRUCKER87,
	AUTHOR = {Sharon M. Brucker and Steven E. Hastings and William R. Latham},
	TITLE = {Regional Input-Output Analysis: A Comparison of Five ``Ready-Made'' Model Systems},
	JOURNAL = {Journal of Regional Studies},
	YEAR = {1987},
	VOLUME = {17},
	NUMBER = {2}
}

@TECHREPORT{DONIHUE88,
	AUTHOR = {Michael R. Donihue},
	TITLE = {The Use of Monthly Data To Update Quarterly Macroeconometric Forecasts},
	INSTITUTION = {University of Michigan},
	YEAR = {1988},
	TYPE = {Working Paper}
}

@UNPUBLISHED{FUHRER86,
	AUTHOR = {Jeff Fuhrer and Jane Haltmaier},
	TITLE = {Minimum Variance Pooling of Disaggregated Forecasts},
	NOTE = {Internal Working Paper, Board of Governors of the Federal Reserve System},
	YEAR = {1986}
}

@MANUAL{DOC87,
	TITLE = {Guide to the 1987 Economic Censuses and Related Statistics},
	ORGANIZATION = {U. S. Department of Commerce Bureau of the Census},
	MONTH = {January},
	YEAR = {1990}
}

@TECHREPORT{GREENE84,
	AUTHOR = {Mark Greene and Carol Corrado},
	TITLE = {Reducing Uncertainty in Short-Term Projections: Linkage of Monthly and Quarterly Models},
	INSTITUTION = {Board of Governors of the Federal Reserve System},
	YEAR = {1984},
	TYPE = {Working Paper},
	Address = {}
}

@INBOOK{PERRYMAN86,
	EDITOR = {M. Ray Perryman and James R. Schmidt},
	CHAPTER = {2},
	PAGES = {13-40},
	TITLE = {Regional Econometric Modeling},
	PUBLISHER = {Kluwer},
	YEAR = {1986}
}

@UNPUBLISHED{TURNER88,
	AUTHOR = {Christopher M. Turner and Richard Startz and Charles R. Nelson},
	TITLE = {A Markov Model of Heteroskedasticity, Risk, and Learning in the Stock Market},
	NOTE = {Version 3.2 12/19/88}
}

@UNPUBLISHED{BATES89,
	AUTHOR = {Charles E. Bates},
	TITLE = {Accumulating Sample Path Estimation With Applications to Testing For Unit Roots in GNP},
	NOTE = {Revised June 1989}
}

@UNPUBLISHED{JOHANSEN90a,
	AUTHOR = {Soren Johansen},
	TITLE = {Lecture Notes on Unit Roots and Cointegration},
	NOTE = {Presented at Fed Summer 1990}
}

@TECHREPORT{GRANGER88,
        AUTHOR = {C. W. J. Granger and Jeff Hallman},
        TITLE = {The Algebra of I(1)},
        INSTITUTION = {Board of Governors Federal Reserve System},
        YEAR = {1988},
        TYPE = {Finance and Economic Discussion Series},
        NUMBER = {45}
}



@UNPUBLISHED{GRANGER88a,
	AUTHOR = {C. W. J. Granger and Tae-Hwy Lee},
	TITLE = {Multicointegration},
	NOTE = {Revised April 1988}
}


@TECHREPORT{GRANGER88b,
	AUTHOR = {C. W. J. Granger and Tae-Hwy Lee},
	TITLE = {Investigation of Production, Sales and Inventory Relationships Using Multicointegration and Nonsymmetric Error Correction Models},
	INSTITUTION = {University of California, San Diego},
	YEAR = {1988},
	TYPE = {Discussion Paper},
	NUMBER = {88-38}
}

@UNPUBLISHED{LEE89,
	AUTHOR = {Tae-Hwy Lee},
	TITLE = {Multicointegration},
	NOTE = {Revised December 1989}
}

@UNPUBLISHED{STOCK89,
	AUTHOR = {James H. Stock and Mark W. Watson},
	TITLE = {A Simple MLE of Cointegrating Vectors in Higher Order Integrated Systems},
	NOTE = {Revised November, 1989}
}

@ARTICLE{MCNOWN89,
	AUTHOR = {Robert McNown and Myles Wallace},
	TITLE = {Co-Integration Tests For Long Run Equilibrium in the Monetary Exchange Rate Model},
	JOURNAL = {Economic Letters},
	YEAR = {1989},
	VOLUME = {31},
	PAGES = {263-267}
}

@UNPUBLISHED{GRANGER88c,
	AUTHOR = {C. W. J. Granger and Alvaro Escribano},
	TITLE = {The Long-Run Relationship Between Prices from an Efficient Market: The Case of Gold and Silver},
	NOTE = {Sometime after mid 1987}
}

@TECHREPORT{ROBERDS86,
	AUTHOR = {William Roberds},
	TITLE = {Money Targeting in a Dynamic Macro Model},
	INSTITUTION = {Federal Reserve Bank of Minneapolis},
	YEAR = {1986},
	TYPE = {Working Paper},
	NUMBER = {298}
}

@TECHREPORT{ROBERDS86a,
	AUTHOR = {William Roberds},
	TITLE = {Solution of Linear Quadratic-Gaussian Dynamic Games Using Variational Methods},
	INSTITUTION = {Federal Reserve Bank of Minneapolis},
	YEAR = {1986},
	TYPE = {Staff Report},
	NUMBER = {105}
}

@ARTICLE{PRUCHA86,
	AUTHOR = {Ingmar R. Prucha and M. Ishaq Nadiri},
	TITLE = {A Comparison of Alternative Methods for the Estimation of Dynamic Factor Demand Models Under Non-Static Expectations},
	JOURNAL = {Journal of Econometrics},
	YEAR = {1986},
	VOLUME = {33},
	PAGES = {187-211}
}

@ARTICLE{WHITE80,
	AUTHOR = {Halbert White},
	TITLE = {A Heteroskedasticity-Consistent Covariance Matrix Estimator And a Direct Test for Heteroskedasticity},
	JOURNAL = {Econometrica},
	YEAR = {1980},
	VOLUME = {48},
	PAGES = {817-838},
	MONTH = {May}
}

@INBOOK{FULLER76,
	AUTHOR = {Wayne A. Fuller},
	CHAPTER = {8.5},
	PAGES = {366-382},
	TITLE = {Introduction to Statistical Time Series},
	PUBLISHER = {John Wiley},
	YEAR = {1976},
	ADDRESS = {New York}
}

@ARTICLE{PARK88,
	AUTHOR = {Joon Y. Park and Peter C. B. Phillips},
	TITLE = {Statistical Inference in Regression With Integrated Processes: Part 1},
	JOURNAL = {Econometric Theory},
	YEAR = {1988},
	VOLUME = {4},
	PAGES = {468-497}
}

@ARTICLE{PARK89,
	AUTHOR = {Joon Y. Park and Peter C. B. Phillips},
	TITLE = {Statistical Inference in Regression With Integrated Processes: Part 2},
	JOURNAL = {Econometric Theory},
	YEAR = {1989},
	VOLUME = {5},
	PAGES = {95-131}
}

@ARTICLE{SOWELL90,
	AUTHOR = {Fallaw Sowell},
	TITLE = {The Fractional Unit Root Distribution},
	JOURNAL = {Econometrica},
	YEAR = {1990},
	VOLUME = {58},
	NUMBER = {2},
	PAGES = {495-505},
	MONTH = {March}
}

@UNPUBLISHED{KLEIN87,
	AUTHOR = {L. R. Klein and Duardo Sojo},
	TITLE = {Combination of High and Low Frequency Data in Macroeconometric Models},
	NOTE = {Prepared for Symposium on the Use of Mixed Frequency Data in Short-Term Forecasting, Board of Governors of the Federal Reserve System },
	YEAR = {1987}
}

@UNPUBLISHED{HOWREY87,
	AUTHOR = {E. Philip Howrey and Michael R. Donihue},
	TITLE = {On the Combination of Monthly and Quarterly Forecasts},
	NOTE = {Prepared for Symposium on the Use of Mixed Frequency Data in Short-Term Forecasting, Board of Governors of the Federal Reserve System },
	YEAR = {1987}
}

@TECHREPORT{DIEBOLD87,
	AUTHOR = {Francis X. Diebold},
	TITLE = {Serial Correlation and the Combination of Forecasts},
	INSTITUTION = {Board of Governors of the Federal Reserve System},
	YEAR = {1987},
	TYPE = {Working Paper}
}

@ARTICLE{BATES69,
	AUTHOR = {J. M. Bates and C. W. J. Granger},
	TITLE = {The Combination of Forecasts},
	JOURNAL = "Operations Research Quarterly",
	YEAR = {1969},
	VOLUME = {20},
	PAGES = {451-468}
}

@ARTICLE{GRANGER84,
	AUTHOR = {C. W. J. Granger and R. Ramanathan},
	TITLE = {Improved Methods of Combining Forecasts},
	JOURNAL = "Journal of Forecasting",
	YEAR = {1984},
	VOLUME = {3},
	PAGES = {197-204}
}

@ARTICLE{DIEBOLD86,
	AUTHOR = {Francis X. Diebold and P. Pauly},
	TITLE = {Structural Change and the Combination of Forecasts},
	JOURNAL = "Journal of Forecasting",
	YEAR = {1986}
}

@ARTICLE{SARGAN83,
	AUTHOR = {J. D. Sargan and Alok Bhargava},
	TITLE = {Testing Residuals From Least Squares Regression for Being Generated by the Gaussian Random Walk},
	JOURNAL = {Econometrica},
	YEAR = {1983},
	VOLUME = {51},
	NUMBER = {1},
	PAGES = {153-174},
	MONTH = {January}
}

@ARTICLE{DICKEY81,
	AUTHOR = {David A. Dickey and Wayne A. Fuller},
	TITLE = {Liklelihood Ratio Statistics for Autoregressive Time Series With a Unit Root},
	JOURNAL = {Econometrica},
	YEAR = {1981},
	VOLUME = {49},
	NUMBER = {4},
	PAGES = {1057-1072},
	MONTH = {July}
}

@ARTICLE{DICKEY79,
	AUTHOR = {David A. Dickey and Wayne A. Fuller},
	TITLE = {Distribution of the Estimators for Autoregressive Time Series With a Unit Root},
	JOURNAL = {Journal of the American Statistical Association},
	YEAR = {1979},
	VOLUME = {74},
	NUMBER = {366},
	PAGES = {427-431},
	MONTH = {June}
}

@ARTICLE{PHILLIPS87,
	AUTHOR = {P. C. B. Phillips},
	TITLE = {Time Series Regression With a Unit Root},
	JOURNAL = {Econometrica},
	YEAR = {1987},
	VOLUME = {55},
	NUMBER = {2},
	PAGES = {277-301},
	MONTH = {March}
}

@ARTICLE{AOKI73,
	AUTHOR = {Masanao Aoki},
	TITLE = {On Sufficient Conditions for Optimal Stabilization Policies},
	JOURNAL = {Review of Economic Studies},
	YEAR = {1973},
	VOLUME = {40},
	PAGES = {131-138}
}

@ARTICLE{BERNDSEN90,
	AUTHOR = {Ron Berndsen and Hennie Daniels},
	TITLE = {Qualitative Dynamics and Causality in a Keynesian Model},
	JOURNAL = {Journal of Economic Dynamics and Control},
	YEAR = {1990},
	VOLUME = {14},
	PAGES = {435-450}
}

@ARTICLE{BOURGINE90,
	AUTHOR = {Paul Bourgine},
	TITLE = {A Logical Approach to Problem Representation},
	JOURNAL = {Journal of Economic Dynamics and Control},
	YEAR = {1990},
	VOLUME = {14},
	PAGES = {451-464}
}

@ARTICLE{FARLEY90,
	AUTHOR = {Arthur M. Farley and Kuan0Pin Lin},
	TITLE = {Qualitative Resoning in Economics},
	JOURNAL = {Journal of Economic Dynamics and Control},
	YEAR = {1990},
	VOLUME = {14},
	PAGES = {465-490}
}

@ARTICLE{JOHANSEN90,
	AUTHOR = {Soren Johansen and Katarina Juselius},
	TITLE = {Maximum Likelihood Estimation and Inference On Cointegration -- With Applications to the Demand For Money},
	JOURNAL = {Oxford Bulletin of Economics and Statistics},
	YEAR = {1990},
	VOLUME = {52},
	NUMBER = {2},
	PAGES = {169-210}
}

@ARTICLE{EVANS84,
	AUTHOR = {G. B. A. Evans and N. E. Savin},
	TITLE = {Testing for Unit Roots: 2},
	JOURNAL = {Econometrica},
	YEAR = {1984},
	VOLUME = {52},
	NUMBER = {5},
	PAGES = {1241-1269}
}

@ARTICLE{SIMS90,
	AUTHOR = {Christopher A. Sims and James H. Stock and Mark W. Watson},
	TITLE = {Inference in Linear Time Series Models With Some Unit Roots},
	JOURNAL = {Econometrica},
	YEAR = {1990},
	VOLUME = {58},
	NUMBER = {1},
	PAGES = {113-144},
	MONTH = {January}
}

@ARTICLE{PHILLIPS90,
	AUTHOR = {P. C. B. Phillips and S. Ouliaris},
	TITLE = {Asymptotic Properties of Residual Based Tests for Cointegration},
	JOURNAL = {Econometrica},
	YEAR = {1990},
	VOLUME = {58},
	NUMBER = {1},
	PAGES = {165-193},
	MONTH = {January}
}

@UNPUBLISHED{PHILLIPS88,
	AUTHOR = {P. C. B. Phillips and S. Ouliaris},
	TITLE = {Testing for Cointegration Using Principal Components Methods},
	NOTE = {Revised January 1988}
}

@ARTICLE{BICKEL78,
	AUTHOR = {P. J. Bickel},
	TITLE = {Using Residuals Robustly I: Tests for Heteroscedasticity, Nonlinearity},
	JOURNAL = {Annals of Statistics},
	YEAR = {1978},
	VOLUME = {6},
	NUMBER = {2},
	PAGES = {266-291}
}

@ARTICLE{GOURIEROUX83,
	AUTHOR = {Christian Gourieroux and Alain Monfort and Alain Trognon},
	TITLE = {Testing Nested or Non-Nested Hypotheses},
	JOURNAL = {Journal of Econometrics},
	YEAR = {1983},
	VOLUME = {21},
	PAGES = {83-115}
}

@ARTICLE{MIZON86,
	AUTHOR = {Grayham E. Mizon and Jean-Francois Richard},
	TITLE = {The Encompassing Principle and Its Application to Testing Non-Nested Hypotheses},
	JOURNAL = {Econometrica},
	YEAR = {1986},
	VOLUME = {54},
	NUMBER = {3},
	PAGES = {657-678},
	MONTH = {May}
}

@ARTICLE{DAVIDSON81,
	AUTHOR = {Russel Davidson and James G. MacKinnon},
	TITLE = {Several Tests for Model Specification in the Presence of Alternative Hypotheses},
	JOURNAL = {Econometrica},
	YEAR = {1981},
	VOLUME = {49},
	NUMBER = {3},
	PAGES = {781-793},
	MONTH = {May}
}

@ARTICLE{PAGAN89a,
	AUTHOR = {Adrian R. Pagan and M. R. Wickens},
	TITLE = {A Survey of Some Recent Econometric Methods},
	JOURNAL = {The Economic Journal},
	YEAR = {1989},
	VOLUME = {99},
	PAGES = {962-1025},
	MONTH = {December}
}

@ARTICLE{BROCK90c,
	AUTHOR = {William A. Brock and Chera L. Sayers},
	TITLE = {Is the Business Cycle Characterized by Deterministic Chaos?},
	JOURNAL = {Journal of Monetary Economics},
	YEAR = {1990},
	VOLUME = {22},
	PAGES = {71-90}
}

@ARTICLE{WEISS86,
	AUTHOR = {Andrew Weiss},
	TITLE = {Asymptotic Theory For ARCH Models: Estimation and Testing},
	JOURNAL = {Econometric Theory},
	YEAR = {1986},
	VOLUME = {2},
	PAGES = {107-131}
}

@ARTICLE{BREUSH79,
	AUTHOR = {T. S. Breush and A. R. Pagan},
	TITLE = {A Simple Test for  Heteroscedasticity and Random Coefficient Variation},
	JOURNAL = {Econometrica},
	YEAR = {1979},
	VOLUME = {47},
	NUMBER = {5},
	PAGES = {1287-1294},
	MONTH = {September}
}

@ARTICLE{NOVALES90,
	AUTHOR = {Alfonso Novales},
	TITLE = {Solving Nonlinear Rational Expectations Models: A Stochastic Equilibrium Model of Interest Rates},
	JOURNAL = {Econometrica},
	YEAR = {1990},
	VOLUME = {58},
	NUMBER = {1},
	PAGES = {93-111},
	MONTH = {January}
}

@ARTICLE{MICHEL90,
	AUTHOR = {Philippe Michel},
	TITLE = {Some Clarification on the Transversality Condition},
	JOURNAL = {Econometrica},
	YEAR = {1990},
	VOLUME = {58},
	NUMBER = {3},
	PAGES = {705-723},
	MONTH = {May}
}

@ARTICLE{NABEYA90,
	AUTHOR = {Seiji Nabeya and Katsuto Tanaka},
	TITLE = {A General Approach to the Limiting Distribution for Estimators in Time Series Regression With Nonstable Autoregressive Errors},
	JOURNAL = {Econometrica},
	YEAR = {1990},
	VOLUME = {58},
	NUMBER = {1},
	PAGES = {145-163},
	MONTH = {January}
}

@ARTICLE{BOLLERSLEV86,
	AUTHOR = {Tim Bollerslev},
	TITLE = {Generalized Autoregressive Conditional Heterskedasticity},
	JOURNAL = {Journal of Econometrics},
	YEAR = {1986},
	VOLUME = {31},
	PAGES = {307-327}
}

@ARTICLE{ENGLE82,
	AUTHOR = {Robert F. Engle},
	TITLE = {Autoregressive Conditional Heteroskedasticity with Estimates of the Variance of United Kingdom Inflation},
	JOURNAL = {Econometrica},
	YEAR = {1982},
	VOLUME = {50},
	NUMBER = {4},
	PAGES = {987-1007},
	MONTH = {July}
}

@TECHREPORT{ENGLE88,
	AUTHOR = {Robert F. Engle},
	TITLE = {Asset Pricing with a Factor ARCH Covariance Structure: Empirical Estimates for Treasury Bills},
	INSTITUTION = {University of California, San Diego},
	YEAR = {1988},
	TYPE = {Discussion Paper },
	NUMBER = {88-26},
	NOTE = {Revised May 1988}
}

@TECHREPORT{DIEBOLD88,
	AUTHOR = {Francis X. Diebold and C. Jevons Lee},
	TITLE = {Conditional Heteroskedasticity in the Market},
	INSTITUTION = {Board of Governors of the Federal Reserve System},
	YEAR = {1988},
	TYPE = {Finance and Economics Discussion Series},
	NUMBER = {42},
	MONTH = {September}
}

@UNPUBLISHED{GALLANT88,
	AUTHOR = {A. Ronald Gallant and David Hsieh and George Tauchen},
	TITLE = {On Fitting a Recalcitrant Series:  The Pound/Dollar Exchange Rate, 1974-83},
	NOTE = {Revised April 1988}
}

@UNPUBLISHED{MCMANUS89,
	AUTHOR = {Douglas A. McManus and John C. Nankervis and N. E. Savin},
	TITLE = {The Failure of Asymptotic Approximations in the Case of the Partial Adjustment Model},
	NOTE = {Sometime after Hall and Rossanna 1989}
}

@UNPUBLISHED{LORETAN90,
	AUTHOR = {Mico Loretan},
	TITLE = {Testing for Heteroskedasticity Under Moment Condition Failure, With an Application to Stock Market Returns},
	NOTE = {Revised January 1990}
}

@UNPUBLISHED{STEIGERWALD87,
	AUTHOR = {Doug Steigerwald},
	TITLE = {Adaptive Estimation in Time Series Regression Models},
	NOTE = {Revised October 1987}
}

@UNPUBLISHED{DIEBOLD89,
	AUTHOR = {Francis Diebold},
	TITLE = {Conditional Heteroskedasticity Lecture Notes},
	NOTE = {Includes bibliography}
}

@ARTICLE{NEWBOLD81,
	AUTHOR = {P. Newbold},
	TITLE = {Some Recent Developments in Time Series Analysis},
	JOURNAL = {International Statistical Review},
	YEAR = {1981},
	VOLUME = {49},
	PAGES = {53-66}
}

@ARTICLE{NEWBOLD84,
	AUTHOR = {P. Newbold},
	TITLE = {Some Recent Developments in Time Series Analysis II},
	JOURNAL = {International Statistical Review},
	YEAR = {1984},
	VOLUME = {52},
	PAGES = {183-192}
}

@ARTICLE{NEWBOLD88,
	AUTHOR = {P. Newbold},
	TITLE = {Some Recent Developments in Time Series Analysis III},
	JOURNAL = {International Statistical Review},
	YEAR = {1988},
	VOLUME = {56},
	PAGES = {17-29}
}

@ARTICLE{DUFOUR90,
	AUTHOR = {Jean-Marie Dufour},
	TITLE = {Exact Tests and Confidence Sets in Linear Regressions with Autocorrelated Errors},
	JOURNAL = {Econometrica},
	YEAR = {1990},
	VOLUME = {58},
	NUMBER = {2},
	PAGES = {475-494},
	MONTH = {March}
}

@INPROCEEDINGS{BROCK90a,
	AUTHOR = {William A. Brock},
	TITLE = {Causality, Chaos, Explanation and Prediction inEconomics and Finance},
	BOOKTITLE = {Proceedings of the 1989 ABISKO Workshop on Predictin and Explanation},
	YEAR = {1990}
}

@UNPUBLISHED{DECHERT88,
	AUTHOR = {W. D. Dechert},
	TITLE = {On the Existence of Solutions to Dynamic Games With Non-Convexities},
	NOTE = {Social Systems Research Institute, University of Wisconsin},
	YEAR = {1988}
}

@ARTICLE{DIXON90,
	AUTHOR = {L. C. W. Dixon and Z. Maany and M. Mohseninia},
	TITLE = {Automatic Differentiation of Large Sparse Systems},
	JOURNAL = {Journal of Economic Dynamics and Control },
	YEAR = {1990},
	VOLUME = {14},
	PAGES = {299-311}
}
@ARTICLE{RUSTEM90,
	AUTHOR = {Berc Rustem and Kumaraswamy Velupillai},
	TITLE = {Rationality, Computability, and Complexity},
	JOURNAL = {Journal of Economic Dynamics and Control },
	YEAR = {1990},
	VOLUME = {14},
	PAGES = {419-432}
}
@ARTICLE{BOLLERSLEV88,
	AUTHOR = {Tim Bollerslev and Robert F. Engle and Jeffrey M. Wooldridge},
	TITLE = {A Capital Asset Pricing Model with Time-varying Covariances},
	JOURNAL = {Journal of Political Economy },
	YEAR = {1988},
	VOLUME = {96},
	NUMBER = {1},
	PAGES = {116-131}
}

@INBOOK{BROCK90b,
	AUTHOR = {William A. Brock},
	CHAPTER = {?},
	TITLE = {Nonlinear Dynamical Systems: Instability and Chaos in Economics},
	PUBLISHER = {Elsevier Science Publishers},
	YEAR = {1990},
	VOLUME = {4}
}

@ARTICLE{PUJOL90,
	AUTHOR = {Thierry Pujol},
	TITLE = {An Improved Algorithm to Solve a Discrete Matrix Ricatti Equation},
	JOURNAL = {Journal of Economic Dynamics and Control},
	YEAR = {1990},
	VOLUME = {14},
	PAGES = {65-71}
}

@UNPUBLISHED{HAMILTON88,
	AUTHOR = {James D. Hamilton},
	TITLE = {A New Approach to the Economic Analysis of NonStationary Time Series and the Business Cycle},
	NOTE = {Forthcoming in Econometrica 1990}
}
@UNPUBLISHED{HAMILTON88a,
	AUTHOR = {James D. Hamilton},
	TITLE = {Analysis of Time Series Subject to Changes in Regime},
	NOTE = {Don't know if it appears anywhere else yet. }
}

@UNPUBLISHED{HAMILTON88b,
	AUTHOR = {James D. Hamilton},
	TITLE = {Rational-Expectations Econometric Analysis of Changes in Regime: An Investigation of the Term Structure of Interest Rates},
	NOTE = {Revised version appears  in the Journal of Economic Dynamics and Control June, 1988 385-423}
}

@TECHREPORT{COG88,
	AUTHOR = {Washington Metropolitan Council of Governments},
	TITLE = {Cooperative Forecasting: Round IV Technical Report -- 1988},
	INSTITUTION = {Washington Metropolitan Council of Governments},
	YEAR = {1988}
}

@TECHREPORT{COG90,
	AUTHOR = {Department of Metropolitan Development and Information Resources},
	TITLE = {Economic Trends in Metropolitan Washington},
	INSTITUTION = {Metropolitan Washington Council of Governments},
	YEAR = {1990}
}

@TECHREPORT{ABRAHAM89,
	AUTHOR = {Katharine Abraham and John Haltiwanger},
	TITLE = {The Maryland Human Resource System},
	INSTITUTION = {University of Maryland},
	YEAR = {1989}
}

@ARTICLE{GRANGER74,
	AUTHOR = {Granger, C. W. J. and Newbold, P.},
	TITLE = {Spurious Regressions In Econometrics},
	JOURNAL = "Journal of Econometrics",
	YEAR = {1974},
	VOLUME = {2},
	PAGES = {111-120}
}

@ARTICLE{PHILLIPS86,
	AUTHOR = {Phillips, P. C. B.},
	TITLE = {Understanding Spurious Regressions in Econometrics},
	JOURNAL = "Journal of Econometrics",
	YEAR = {1986},
	VOLUME = {33},
	PAGES = {311-340}
}


@TECHREPORT{DSP88,
	AUTHOR = {Maryland Office of Planning},
	TITLE = {Employment in Maryland: Trends and Projections 1970-2010},
	INSTITUTION = {Maryland Department of State Planning},
	YEAR = {1988}
}


@TECHREPORT{DSP86,
	AUTHOR = {Maryland Department of State Planning},
	TITLE = {Employment and Labor Force in Maryland: Trends and Projections, 1967-2005},
	INSTITUTION = {Maryland Department of State Planning},
	YEAR = {1986}
}

@ARTICLE{TSAY84,
	AUTHOR = {Ruey S. Tsay and George C. Tiao},
	TITLE = {Consistent Estimates of Autoregressive Parameters and Extended Sample Autocorrelation Function for Stationary and Nonstationary ARMA Models},
	JOURNAL = "Journal of the American Statistical Association",
	YEAR = {1984},
	VOLUME = {79},
	NUMBER = {385},
	MONTH = "March"
}

@ARTICLE{PAGAN89,
	AUTHOR = {Adrian Pagan},
	TITLE = {On the Role of Simulation in the Statistical Evaluation of Econometric Models},
	JOURNAL = "Journal of Econometrics",
	YEAR = {1989},
	VOLUME = {40},
	PAGES = {125-139}
}

@ARTICLE{HAUSMAN78,
	AUTHOR = {J. A. Hausman},
	TITLE = {Specification Tests in Econometrics},
	JOURNAL = {Econometrica},
	YEAR = {1978},
	VOLUME = {46},
	NUMBER = {6},
	PAGES = {1251-1271},
	MONTH = {November}
}

@ARTICLE{OGUCHI90,
	AUTHOR = {Noriyoshi Oguchi and Takao Fukuchi},
	TITLE = {On Temporal Aggregation of Linear Dynamic Models},
	JOURNAL = "International Economic Review",
	YEAR = {1990},
	VOLUME = {31},
	NUMBER = {1},
	PAGES = {187-193},
	MONTH = {February}
}

@TECHREPORT{MARQUEZ90,
	AUTHOR = {Jaime Marquez and Neil R. Ericsson},
	TITLE = {Evaluating the Predictive Performance of Trade-Account Models},
	INSTITUTION = {International Finance Discussion Papers},
	YEAR = {1990},
	NUMBER = {377},
	ADDRESS = {Board of Governors of the Federal Reserve System},
	MONTH = {March}
}

@TECHREPORT{HENDRY90,
	AUTHOR = {David F. Hendry and Neil R. Ericsson},
	TITLE = {Modeling the Demand for Narrow Money in the United Kingdom and the United States},
	INSTITUTION = {International Finance Discussion Papers},
	YEAR = {1990},
	NUMBER = {383},
	ADDRESS = {Board of Governors of the Federal Reserve System},
	MONTH = {July}
}

@ARTICLE{ENGLE87,
	AUTHOR = {Robert F. Engle and C. W. J. Granger},
	TITLE = {Co-Integration and Error Correction: Representation, Estimation, and Testing},
	JOURNAL = {Econometrica},
	YEAR = {1987},
	VOLUME = {55},
	NUMBER = {2},
	PAGES = {251-276},
	MONTH = {March}
}

@UNPUBLISHED{ENGLE87a,
	AUTHOR = {Robert F. Engle},
	TITLE = {On the Theory of Cointegrated Economic Time Series},
	NOTE = {Revised August 1987}
}

@ARTICLE{GRANGER81,
	AUTHOR = {C. W. J. Granger},
	TITLE = {Some Properties of Time Series Data and Their Use in Econometric Model Specification},
	JOURNAL = "Journal of Econometrics",
	YEAR = {1981},
	VOLUME = {16},
	PAGES = {121-130}
}


@ARTICLE{ERRUNZA81,
	AUTHOR = {Vihang R. Errunza and Lemma W. Senbet},
	TITLE = {The Effects of International Operations on the Market Value of the Firm: Theory and Evidence},
	JOURNAL = {Journal of Finance},
	YEAR = {1981},
	VOLUME = {36},
	NUMBER = {2},
	PAGES = {401-417},
	MONTH = "May"
}

@UNPUBLISHED{JOHN89,
	AUTHOR = {Kose John and Lemma Senbet},
	TITLE = {Limited Liability, Tax Deductibility of Corporate Debt, and Public Policy},
	NOTE = {Graduate School of Business Administration, NYU; Graduate School of Business, U Wisconsin}
}

@INBOOK{BROCK90,
	AUTHOR = {William A. Brock},
	CHAPTER = {17},
	PAGES = {423-452},
	TITLE = {Acting Under Uncertainty: Multidiciplinary Conceptions},
	PUBLISHER = {Social Systems Research Institute},
	YEAR = {1990}
}

@TECHREPORT{BROCK89,
	AUTHOR = {William A. Brock},
	TITLE = {Econometric Issues in Testing for the Presence of Instability and Persistence},
	INSTITUTION = {University of Wisconsin, Madison},
	YEAR = {1989}
}
@misc{ kim98general,
  author = "E. Kim and M. Van Oyen and M. Rieders",
  title = "General Dynamic Programming Algorithms Applied to Polling Systems",
  text = "Kim, E., Van Oyen, M.P., and Rieders, M. (1998) General Dynamic Programming
    Algorithms Applied to Polling Systems, Communications in Statistics: Stochastic
    Models, 14:5.",
  year = "1998",
  url = "citeseer.nj.nec.com/kim98general.html" }




