@article{STEW:PERT,
author={Stewart, G. W.},
year={1973},
title={Error Perturbation Bounds For Subspaces Associated With Certain Eigenvalue Problems},
journal={Siam Review},
volume={13},
number={4}}
 
@article{STEW:HQR3,
author={Stewart, G. W.},
year={1976},
title={Algorithm 506, HQR3 and EXCHNG: FORTRAN Subroutines For Calculating and Ordering the Eigenvalues of a Real Upper Hessenburg Matrix},
journal={ACM Transactions on Mathematical Software},
volume={2},
pages={275-280}}

@article{GALE:JET6,
author={Gale, D.},
year={1973},
title={Pure Exchange Equilibrium of Dynamic Economic Models},
journal={Journal of Economic Theory}
}


@article{LAITNER:JET28,
author={Laitner, John},
year={1982},
title={The Definition of Stability in Models with Perfect Foresight},
journal={Journal of Economic Theory}
}
@article{LAITNER:ECONO49,
author={Laitner, John},
year={1981},
title={The Stability of Steady States in Perfect Foresight Models},
journal={Econometrica}
}
@article{LAITNER:JET47,
author={Laitner, John},
year={1989},
title={Dynamic Determinacy and the Existence of Sunspot Equilibria},
journal={Econometrica}
}
@article{PECK:JET44,
author={Peck, James},
year={1988},
title={On the Existence of Sunspot Equilibria in an Overlapping Generations Model},
journal={Journal of Economic Theory}
}

@unpublished{MOORE:AIM1,
author={Moore, George},
year={1986},
title={Three Ways of Looking at an Economic Process},
note={Unpublished Manuscript, Board of Governors of the Federal Reserve System}}

@article{PESERAN:IDENTRE,
author="Peseran, M. H.",
year={1981},
title={Identification of Rational Expectations Models},
journal={Journal of Econometrics},
volume={16}}

@article{ROTHENBERG:ECONOMET71,
author="Rothenberg, Thomas",
year={1971},
title={Identification in Parametric Models},
journal={Econometrica},
volume={39}}
@article{RAMSEY:1927,
author="Frank Ramsey",
year={1911},
title={A Contribution to the Theory of Taxation},
journal={Economic Journal},
volume={37},
pages={47-61}}
 
@article{BUITER:84,
author="Buiter, William",
year={1985},
title={Computing Perfect Foresight Solutions},
journal={Econometrica},
volume={May}}

@article{TAYLOR:CAPT,
author="Fair, Ray and Taylor, John",
year={1983},
title={Solution and Maximum Likelihood Estimation of Dynamic Rational Expectations Models},
journal={Econometrica},
volume={51}}
 

@book{GUCKENHEIMERHOLMES,
publisher={Springer-Verlag},
author="John Guckenheimer and Philip Holmes",
year={1983},
title={Nonlinear Oscillations, Dynamical Systems, and Bifurcations of
Vector Fields}}

